@article(zadeh65, key="Zadeh65", author="Zadeh, L.A.",
    title="Fuzzy set",
    journal="Information and Control",
    volume="8", pages="338-353",
    year=1965)

@article(zadeh73, key="Zadeh73", author="Zadeh, L.A.",
    title="Outline of a New Approach to the Analysis of Complex System",
    journal="IEEE Transaction on System Man and Cybernetics",
    volume="1", pages="28-44",
    year=1973)

@article(zadeh75, key="Zadeh75", author="Zadeh, L.A.",
    title="The concept of a linguistic variable and its applications to
	        Approximate reasoning. Part I, II, III",
    journal="Information Science",
    volume="8-9", pages="199-249, 301-357, 43-80",
    year=1975)

@article(zadehB75B, key="ZadehB75B", author="Zadeh, L.A.",
    title="The concept of a linguistic variable and its applications to
	        Approximate reasoning. Part II",
    journal="Information Science",
    volume="8", pages="301-357",
    year=1975)

@article(zadehC75C, key="ZadehC75C", author="Zadeh, L.A.",
    title="The concept of a linguistic variable and its applications to
	        Approximate reasoning. Part III",
    journal="Information Science",
    volume="9", pages="43-80",
    year=1975)

@inproceedings(mandani74, key="Mandani74", author="Mandani, E.H.",
    title="Applications of fuzzy algorithms for control af simple dinamic plant",
    BookTitle="Proceedings of IEEE",
    year=1974)

@book(Larkin85, key="Larkin85",author="Larkin, L.I.",
    title="A fuzzy logic controller for aircraft flight control",
    publisher="Industrial Applications of Fuzzy Control, 87-138,",
    year=1985)

@article(Murakami85, key="Murakami85",author="Murakami, S. and Maeda, M.",
    title="Automobile speed control system using a fuzzy logic controller",
    journal="Industrial Applications of Fuzzy Control",
    volume=" ", pages="105-123",
    year=1985)
